<?xml version="1.0" encoding="UTF-8"?><record xmlns="http://www.loc.gov/MARC21/slim" xmlns:cinclude="http://apache.org/cocoon/include/1.0" xmlns:zs="http://www.loc.gov/zing/srw/">
  <leader>00482cz  a2200133n  4500</leader>
  <controlfield tag="001">n  88112365 </controlfield>
  <controlfield tag="003">DLC</controlfield>
  <controlfield tag="005">19890126145522.9</controlfield>
  <controlfield tag="008">881206n| acannaab|          |n aaa ||| c</controlfield>
  <datafield tag="010" ind1=" " ind2=" ">
    <subfield code="a">n  88112365 </subfield>
  </datafield>
  <datafield tag="040" ind1=" " ind2=" ">
    <subfield code="a">DGPO</subfield>
    <subfield code="c">DLC</subfield>
    <subfield code="d">DLC</subfield>
  </datafield>
  <datafield tag="100" ind1="1" ind2="0">
    <subfield code="a">Aral, Sevgi O.</subfield>
  </datafield>
  <datafield tag="670" ind1=" " ind2=" ">
    <subfield code="a">VanderPlate, C. Psychosocial aspects of genital herpes virus infection, 1987:</subfield>
    <subfield code="b">t.p. (Sevgi O. Aral; Divn. of Sexually Transmitted Diseases, Centers for Disease Control)</subfield>
  </datafield>
  <datafield tag="670" ind1=" " ind2=" ">
    <subfield code="a">LC data base, 11-29-88</subfield>
    <subfield code="b">(Aral, Sevgi O.)</subfield>
  </datafield>
</record>